<record><leader>00000cas a22000007a 4500</leader><controlfield tag="001">10673505</controlfield><controlfield tag="008">840430d18751878aruwr ne      0    0eng d</controlfield><datafield ind1=" " ind2=" " tag="010"><subfield code="a">sn 84022922 </subfield></datafield><datafield ind1=" " ind2=" " tag="040"><subfield code="a">NPX</subfield><subfield code="b">eng</subfield><subfield code="c">NPX</subfield><subfield code="d">DLC</subfield><subfield code="d">OCLCQ</subfield></datafield><datafield ind1=" " ind2=" " tag="042"><subfield code="a">msc</subfield></datafield><datafield ind1="0" ind2="0" tag="245"><subfield code="a">Carroll County bowlder.</subfield></datafield><datafield ind1=" " ind2=" " tag="260"><subfield code="a">Carrolton, Ark. :</subfield><subfield code="b">W.S. Tilton</subfield></datafield><datafield ind1=" " ind2=" " tag="300"><subfield code="a">v.</subfield></datafield><datafield ind1=" " ind2=" " tag="310"><subfield code="a">Weekly</subfield></datafield><datafield ind1="1" ind2=" " tag="362"><subfield code="a">Began with Nov. 20, 1875 issue; ceased in 1878.</subfield></datafield><datafield ind1=" " ind2=" " tag="588"><subfield code="a">Description based on: Vol. 1, no. 30 (June 10, 1876).</subfield></datafield><datafield ind1=" " ind2=" " tag="752"><subfield code="a">United States</subfield><subfield code="b">Arkansas</subfield><subfield code="c">Carroll</subfield><subfield code="d">Berryville.</subfield></datafield><datafield ind1=" " ind2=" " tag="752"><subfield code="a">United States</subfield><subfield code="b">Arkansas</subfield><subfield code="c">Carroll</subfield><subfield code="d">Carrollton.</subfield></datafield><datafield ind1="0" ind2="5" tag="780"><subfield code="t">Carroll County advocate</subfield><subfield code="g">1876</subfield><subfield code="w">(DLC)sn 84022921</subfield></datafield></record>